@InProceedings{poelstra,
author="Poelstra, Andrew
and Back, Adam
and Friedenbach, Mark
and Maxwell, Gregory
and Wuille, Pieter",
editor="Zohar, Aviv
and Eyal, Ittay
and Teague, Vanessa
and Clark, Jeremy
and Bracciali, Andrea
and Pintore, Federico
and Sala, Massimiliano",
title="Confidential Assets",
booktitle="Financial Cryptography and Data Security",
year="2019",
publisher="Springer Berlin Heidelberg",
address="Berlin, Heidelberg",
pages="43--63",
isbn="978-3-662-58820-8"
}

@misc{spark,
    author       = {Aram Jivanyan and
		    Aaron Feickert},
    title        = {Lelantus {S}park: Secure and Flexible Private Transactions},
    howpublished = {Cryptology ePrint Archive, Report 2021/1173},
    year         = {2021},
    note         = {\url{https://ia.cr/2021/1173}},
}

@misc{lelantus_cla,
    author       = {Pyrros Chaidos and
		    Vladislav Gelfer},
    title        = {Lelantus-{CLA}},
    howpublished = {Cryptology ePrint Archive, Report 2021/1036},
    year         = {2021},
    note         = {\url{https://ia.cr/2021/1036}},
}

@misc{zarcanum,
    author       = {\texttt{sowle} and
		    \texttt{koe}},
    title        = {Zarcanum: A Proof-of-Stake Scheme for Confidential Transactions with Hidden Amounts},
    howpublished = {Cryptology ePrint Archive, Report 2021/1478},
    year         = {2021},
    note         = {\url{https://ia.cr/2021/1478}},
}

@article{ringct,
  title={Ring confidential transactions},
  author={Noether, Shen and Mackenzie, Adam and others},
  journal={Ledger},
  volume={1},
  pages={1--18},
  year={2016}
}

@inproceedings{zcash_sprout,
author = {Ben-Sasson, Eli and Chiesa, Alessandro and Tromer, Eran and Virza, Madars},
title = {Succinct Non-Interactive Zero Knowledge for a von {N}eumann Architecture},
year = {2014},
isbn = {9781931971157},
publisher = {USENIX Association},
address = {USA},
booktitle = {Proceedings of the 23rd USENIX Conference on Security Symposium},
pages = {781–796},
numpages = {16},
location = {San Diego, CA},
series = {SEC'14}
}

@misc{zcash_sapling,
    author       = {Sean Bowe and
		    Ariel Gabizon and
		    Ian Miers},
    title        = {Scalable Multi-party Computation for zk-{SNARK} Parameters in the Random Beacon Model},
    howpublished = {Cryptology ePrint Archive, Report 2017/1050},
    year         = {2017},
    note         = {\url{https://ia.cr/2017/1050}},
}

@InProceedings{mw,
author="Fuchsbauer, Georg
and Orr{\`u}, Michele
and Seurin, Yannick",
editor="Ishai, Yuval
and Rijmen, Vincent",
title="Aggregate Cash Systems: A Cryptographic Investigation of {M}imblewimble",
booktitle="Advances in Cryptology -- EUROCRYPT 2019",
year="2019",
publisher="Springer International Publishing",
address="Cham",
pages="657--689",
isbn="978-3-030-17653-2"
}

@misc{lelantus,
    author       = {Aram Jivanyan},
    title        = {Lelantus: A New Design for Anonymous and Confidential Cryptocurrencies},
    howpublished = {Cryptology ePrint Archive, Report 2019/373},
    year         = {2019},
    note         = {\url{https://ia.cr/2019/373}},
}

@misc{zcash,
author = {Daira Hopwood and Sean Bowe and Taylor Hornby and Nathan Wilcox},
title = {Zcash Protocol Specification},
year = {2021},
note = {\url{https://github.com/zcash/zips/blob/master/protocol/protocol.pdf}},
}

@InProceedings{groth,
author="Groth, Jens
and Kohlweiss, Markulf",
editor="Oswald, Elisabeth
and Fischlin, Marc",
title="One-Out-of-Many Proofs: Or How to Leak a Secret and Spend a Coin",
booktitle="Advances in Cryptology - EUROCRYPT 2015",
year="2015",
publisher="Springer Berlin Heidelberg",
address="Berlin, Heidelberg",
pages="253--280",
isbn="978-3-662-46803-6"
}

@InProceedings{bootle,
author="Bootle, Jonathan
and Cerulli, Andrea
and Chaidos, Pyrros
and Ghadafi, Essam
and Groth, Jens
and Petit, Christophe",
editor="Pernul, G{\"u}nther
and Y A Ryan, Peter
and Weippl, Edgar",
title="Short Accountable Ring Signatures Based on {DDH}",
booktitle="Computer Security -- ESORICS 2015",
year="2015",
publisher="Springer International Publishing",
address="Cham",
pages="243--265",
isbn="978-3-319-24174-6"
}

@INPROCEEDINGS{bp,
  author={Bünz, Benedikt and Bootle, Jonathan and Boneh, Dan and Poelstra, Andrew and Wuille, Pieter and Maxwell, Greg},
  booktitle={2018 IEEE Symposium on Security and Privacy (SP)}, 
  title={Bulletproofs: Short Proofs for Confidential Transactions and More}, 
  year={2018},
  volume={},
  number={},
  pages={315-334},
  doi={10.1109/SP.2018.00020}}

@misc{bp_plus,
    author       = {Heewon Chung and
		    Kyoohyung Han and
		    Chanyang Ju and
		    Myungsun Kim and
		    Jae Hong Seo},
    title        = {Bulletproofs+: Shorter Proofs for Privacy-Enhanced Distributed Ledger},
    howpublished = {Cryptology ePrint Archive, Report 2020/735},
    year         = {2020},
    note         = {\url{https://ia.cr/2020/735}},
}

@InProceedings{batch_schnorr,
author="Gennaro, R.
and Leigh, D.
and Sundaram, R.
and Yerazunis, W.",
editor="Lee, Pil Joong",
title="Batching {S}chnorr Identification Scheme with Applications to Privacy-Preserving Authorization and Low-Bandwidth Communication Devices",
booktitle="Advances in Cryptology - ASIACRYPT 2004",
year="2004",
publisher="Springer Berlin Heidelberg",
address="Berlin, Heidelberg",
pages="276--292",
isbn="978-3-540-30539-2"
}
